@misc{shankar1997shannon,
  title={Shannon’s Theory of Cryptography},
  author={Shankar, R Vijay},
  year={1997},
  publisher={Mar}
}

@book{katz1996handbook,
  title={Handbook of applied cryptography},
  author={Katz, Jonathan and Menezes, Alfred J and Van Oorschot, Paul C and Vanstone, Scott A},
  year={1996},
  publisher={CRC press}
}

@article{shannon1949communication,
  title={Communication theory of secrecy systems},
  author={Shannon, Claude E},
  journal={Bell system technical journal},
  volume={28},
  number={4},
  pages={656--715},
  year={1949},
  publisher={Wiley Online Library}
}

@misc{basisofredundancy,
  title={The Intuitive Basis of Redundancy},
  note = "[Online; accessed 17-June-2019] wcherowi@carbon.cudenver.edu"
}

@misc{shannonnote,
  title={Shannon’s Theory of Secrecy},
  author={Thomas Johansson},
  year={2006}
}

@misc{massey,
  title={Shannon’s Theory of Secrecy and its Extension to Authenticity}, url={http://cs.ioc.ee/yik/schools/win2006/massey/slides1.pdf},
  author={Massey, James L.},
  year={2006}
}

