@misc{Eric Landquist,
  title={The Quadratic Sieve Factoring Algorithm}, url={http://www.cs.virginia.edu/crab/QFS_Simple.pdf},
  year={2001}
}

